@online{microdados,
    author = "INSTITUTO NACIONAL DE ESTUDOS E PESQUISAS EDUCACIONAIS AN√çSIO TEIXEIRA",
    title = "Microdados do Enem 2020",
    url = "https://www.gov.br/inep/pt-br/acesso-a-informacao/dados-abertos/microdados/enem",
    addendum = "Acesso em: 29 abr. 2020"
}